<?xml version="1.0" encoding="UTF-8"?>
<SOAP-ENV:Envelope xmlns:SOAP-ENV="http://schemas.xmlsoap.org/soap/envelope/" xmlns:of="http://oss.dbc.dk/ns/openformat" xmlns:ofo="http://oss.dbc.dk/ns/openformatoutput"><SOAP-ENV:Body><of:formatResponse><marc:record xmlns:marc="http://www.loc.gov/MARC21/slim"><leader>00000njc a22000000c 4500</leader><controlfield tag="001">870970:25294424</controlfield><controlfield tag="003">DKDLA</controlfield><controlfield tag="005">20110329135312.0</controlfield><controlfield tag="007">s|||||||||||||</controlfield><controlfield tag="008">040628s2004    dk |||||||||||||||||dan||</controlfield><datafield ind1="0" ind2=" " tag="110"><subfield code="a">Nephew</subfield></datafield><datafield ind1=" " ind2="0" tag="245"><subfield code="a">USADSB</subfield></datafield><datafield ind1=" " ind2=" " tag="260"><subfield code="b">Copenhagen,</subfield><subfield code="c">p 2004</subfield></datafield><datafield ind1=" " ind2=" " tag="300"><subfield code="a">1 cd</subfield></datafield><datafield ind1="1" ind2=" " tag="700"><subfield code="a">Arnholt, Søren</subfield></datafield><datafield ind1="1" ind2=" " tag="700"><subfield code="a">Dencker, Tore</subfield></datafield><datafield ind1="1" ind2=" " tag="700"><subfield code="a">Erbs, Hans Christian Ilskov</subfield></datafield><datafield ind1="1" ind2=" " tag="700"><subfield code="a">Kvamm, Simon</subfield></datafield><datafield ind1="1" ind2=" " tag="700"><subfield code="a">Riis, Kristian</subfield></datafield><datafield ind1="1" ind2=" " tag="700"><subfield code="a">Sennenvaldt, Henriette</subfield></datafield><datafield ind1="1" ind2=" " tag="700"><subfield code="a">Thalund, René Munk</subfield></datafield><datafield ind1="1" ind2=" " tag="700"><subfield code="a">Toustrup, Kasper</subfield></datafield></marc:record></of:formatResponse></SOAP-ENV:Body></SOAP-ENV:Envelope>
